2942 5117
565 450 780 551 -Br-ss·

162 628 360 721 fflstinguat,
379 635 421 705 ud
443 636 530 707 illam
551 645 675 734 optime
695 646 775 712 hinc
793 642 999 712 transibimus
1021 606 1137 730 quiea·

167 744 310 833 tionem,
328 774 407 843 quae
426 771 474 821 est
493 752 535 821 de
562 750 634 824 Uno
657 762 818 861 Plutonia
842 758 930 826 Deo.
984 790 988 799 ·

208 1238 464 1329 Reputantibus,
492 1266 573 1335 quae
595 1243 637 1309 de
661 1242 808 1308 barbaris
832 1233 1033 1335 rudibusque
1054 1266 1137 1329 gen-

162 1350 251 1417 tibus
272 1353 368 1419 nobis
389 1371 465 1422 aunt
481 1355 631 1447 prodita,
666 1354 813 1424 videatur
835 1376 960 1420 necesse
980 1375 1047 1438 est,
1070 1357 1138 1422 hu-

162 1487 292 1531 manum
330 1466 494 1552 ingenium
539 1466 620 1535 adeo
660 1493 724 1536 esse
742 1464 990 1551 imbecillum,
1020 1485 1057 1534 ut
1086 1490 1139 1534 sua

163 1596 277 1667 sponte
306 1604 446 1670 pronum
477 1583 518 1649 sit
545 1601 577 1649 et
605 1580 746 1673 proclive
769 1578 811 1645 ad
831 1578 973 1672 plurium
996 1580 1140 1645 Deorum

161 1689 290 1758 cultum.
328 1694 452 1779 Majora
478 1692 544 1761 fere
575 1720 641 1763 esse
672 1694 842 1776 videntur,
873 1694 1009 1785 quaein
1029 1715 1140 1760 rerum

162 1802 1138 1899 naturaquotidiefie'rianimadvertnntur,nimisquediversa,
1167 1823 1170 1834 ·

161 1944 258 2011 quam
278 1938 315 1989 ut
335 1946 417 1989 unns
434 1944 548 1991 eorum
560 1946 672 1990 auctor
685 1922 795 1989 heberi
809 1923 920 2013 possit.
953 1920 1140 1989 Mirandum

160 2033 239 2101 adeo
260 2058 328 2101 non
351 2052 408 2119 cst,
432 2035 524 2104 cultis
540 2037 634 2103 etiam
642 2039 678 2102 in
686 2037 818 2127 *populis
828 2027 1137 2128 mansissenntiqui·

159 2165 211 2214 tus
227 2145 444 2236 Polytheismo
466 2149 636 2215 honorem.
672 2149 742 2217 Hoc
765 2169 871 2215 autem
883 2150 1000 2232 mirum
1013 2172 1140 2239 semper

158 2250 298 2334 accidit,
320 2259 556 2353 philosophos,
580 2286 653 2328 cum
665 2263 762 2329 semel
775 2288 962 2352 supremum
973 2265 1137 2346 omnium,

161 2400 180 2441 a
214 2374 345 2439 caeteris
367 2372 460 2461 longe
483 2373 664 2463 diversum,
694 2378 893 2443 invenissent
914 2358 1036 2462 Deum,
1070 2386 1139 2445 non

119 2536 120 2541 η
161 2510 200 2554 eo
231 2484 374 2553 tandem
399 2491 606 2583 pervenisse,
638 2508 676 2557 ut
707 2492 811 2557 omnia
845 2474 976 2557 omnino
1007 2491 1048 2554 ab
1070 2514 1137 2560 uno

159 2600 233 2683 illo,
256 2600 352 2667 nullis
374 2626 432 2669 uso
449 2604 609 2689 ministris,
635 2604 708 2670 lieri
721 2622 909 2671 statuerent.
943 2605 1035 2688 Nam,
1050 2602 1140 2694 quod

63 2694 66 2701 ,
159 2712 254 2800 vulgo
285 2732 413 2781 eatenus
441 2714 481 2781 ad
504 2718 669 2783 veritatem
692 2740 762 2782 non
785 2715 997 2792 accederent,
1033 2739 1141 2782 causae

158 2825 247 2894 luere
282 2827 413 2895 multae.
463 2828 581 2896 Acrior
603 2831 702 2895 animi
725 2831 902 2921 mentisque
923 2832 1074 2916 sagacitas
1094 2826 1148 2918 'ad

158 2939 238 3009 illud
258 2944 447 3034 requiritur.
490 2941 591 3035 Apud
616 2943 758 3010 Graecos
782 2939 900 3007 deinde
922 2940 999 3009 levis
1017 2943 1142 3010 obstitit

157 3053 273 3148 populi
285 3054 408 3122 indoles
421 3107 430 3141 ,
448 3058 513 3149 qni
525 3056 662 3123 mirifice
678 3058 834 3147 poeticae,
846 3057 887 3122 ab
903 3058 1045 3147 antiquis
1056 3059 1139 3124 vatiss

159 3170 240 3253 bns,
251 3167 400 3236 conditae
410 3170 577 3258 religioni,
591 3191 623 3239 et
636 3170 790 3253 faciliori,
804 3169 975 3262 eidemque
988 3172 1139 3263 splendi-

160 3282 245 3350 diori
268 3283 366 3351 cultui
380 3284 540 3354 favebant.
573 3284 721 3353 Placebat
730 3287 806 3376 ipsis
820 3310 903 3354 nova
914 3285 979 3375 sere
995 3287 1141 3378 qnotidie

110 3450 116 3457 .
157 3396 199 3465 de
214 3398 279 3464 Diis
290 3396 423 3485 lingere,
446 3404 567 3492 primos
576 3404 676 3489 gentis
688 3390 809 3469 Heroas
819 3424 892 3468 cum
905 3402 972 3469 Diis
985 3405 1138 3487 miscere;

157 3522 291 3604 poeseos
327 3532 489 3599 amantes,
537 3516 672 3583 avebant
715 3514 804 3583 novis
836 3532 867 3581 et
899 3517 983 3582 scitis
1016 3514 1141 3581 fabellis

158 3626 364 3712 Theogonias
396 3625 562 3693 adornare.
608 3628 725 3715 Magna
748 3652 949 3720 proavorum
970 3628 1073 3713 facta,
1107 3644 1162 3695 et-

159 3738 295 3833 mythici
326 3740 478 3829 temporis
513 3738 646 3808 heroum
680 3739 743 3807 sata
773 3758 860 3807 arcte
893 3764 968 3805 cum
999 3742 1141 3807 Deorum

159 3854 304 3919 omnium
333 3850 431 3919 rebus
454 3872 546 3921 erant
568 3858 732 3937 connexa,
767 3869 800 3918 et
821 3854 863 3919 ab
885 3850 1006 3919 iisdem·
1021 3851 1139 3926 divinis
1177 3934 1184 3949 ι

159 3967 264 4033 Poetis
288 3966 467 4053 celebrata3
493 3966 687 4052 accedebat,
712 3965 801 4058 quod
825 3969 941 4034 avitam
951 3967 1140 4054 religionem
1162 3972 1163 3977 ’

159 4098 193 4147 et
224 4082 364 4171 patrium
389 4085 529 4149 Deorum
550 4083 671 4152 cultum
695 4100 825 4149 strenue
845 4082 946 4170 legen,
985 4100 1140 4173 tanquam

160 4196 326 4264 civitatum
358 4197 482 4266 vincula
516 4216 550 4267 et
579 4198 708 4289 imperii
730 4198 936 4265 firmamenta
957 4197 1139 4268 tuebantur.
1188 4189 1190 4196 ’

832 4316 857 4384 6
