2942 5117
555 478 735 543 ..7..
1033 500 1040 530 ί

195 654 268 723 Jam
289 654 443 723 Cunus
466 650 630 741 intelligit,
656 638 738 748 quse
756 656 824 747 ipse
844 653 1005 741 anuierit,
1031 679 1129 743 ergu-

153 788 262 837 mcntu
293 790 363 835 non
394 766 499 837 velere
528 785 565 835 ut
586 758 736 838 omnibus
757 769 800 837 de
818 794 857 837 rc
878 766 1127 863 persuadeatur-3

151 884 288 967 χαλεπόν
308 906 374 951 csse
396 882 567 951 Hosrt'rts
586 883 695 970 λόγον,
717 908 756 954 eo
779 887 876 971 magis
898 882 988 977 qnod
998 883 1132 975 plurimi

152 994 274 1063 dicant.
291 998 407 1063 Mutuo
416 998 512 1083 igitur
521 998 654 1068 consilio
664 998 902 1092 sdumpiiorcm
911 1016 1132 1067 sermonemsc

153 1128 285 1178 strenue
309 1113 488 1198 accingunt.
519 1113 709 1184 Pruemonct
732 1133 839 1185 autem
862 1116 1134 1196 Aramum,

75 1300 77 1307 Α
153 1227 356 1312 mirandum,
377 1231 475 1294 immo
496 1252 584 1317 segre
597 1254 665 1298 esse
676 1217 866 1315 serendum,
884 1228 977 1324 quod
990 1229 1136 1297 homines

152 1344 206 1411 isti
215 1346 297 1409 Deos
308 1364 377 1409 esse
388 1358 515 1428 negent.
539 1344 688 1436 Apueris
699 1343 804 1425 enini,
826 1330 1136 1436 inquit,dumlactc

154 1456 376 1542 nutrirentur,
397 1454 478 1521 illud
496 1456 685 1525 undivenmt
709 1459 867 1524 matribus
894 1460 1137 1550 nutricibusque

155 1568 379 1654 decantatum
398 1572 439 1635 in
462 1568 625 1637 sacrificiis
643 1588 813 1661 praetcrea
824 1594 861 1637 ec
872 1567 1026 1662 precibus
1038 1568 1138 1635 multu

155 1682 228 1750 fieri
251 1675 467 1769 cognoverunt
501 1682 595 1752 dictis
627 1702 859 1770 consentanee,
893 1699 1140 1777 comparentes

154 1822 217 1890 pro
244 1820 278 1863 sc
313 1796 488 1891 liberisque
508 1798 658 1867 viderent
680 1800 898 1867 sacrificantes
919 1816 954 1865 et
979 1797 1141 1894 supplices

154 1914 238 1979 Deos
270 1930 416 1998 orontes,
447 1930 562 2003 utpote
583 1916 641 2005 qui
665 1938 776 1982 revera
797 1911 962 2000 adessent3
997 1912 1141 1978 Graecos

158 2024 301 2117 (lenique
321 2045 355 2092 et
373 2027 533 2093 Barbaros
555 2026 591 2090 in
614 2028 707 2092 variis
729 2025 1049 2110 fortunaecesibus,
1076 2042 1142 2091 tum

157 2140 318 2224 adversis,
342 2163 440 2228 quum
460 2134 629 2221 secundis,
653 2136 798 2229 quotidie
819 2136 860 2203 ad
884 2138 963 2207 solis
972 2138 1022 2207 vel
1034 2155 1143 2206 ortum

92 2296 97 2309 ·
156 2254 209 2323 vel
246 2274 398 2319 occasum
426 2253 512 2319 Deos
543 2249 674 2319 adorere
695 2250 940 2335 intellexerunt,
971 2252 1061 2320 nulli
1082 2277 1140 2320 rc-

158 2366 236 2435 lictu
253 2366 453 2456 suspicione,
474 2366 512 2439 os
533 2367 584 2432 οὐκ
603 2359 661 2433 siri
681 2366 750 2433 θεοὶ.
792 2368 944 2434 Oratione
964 2364 1086 2435 deinde
1100 2362 1144 2435 ad

138 2483 316 2570 ,iuuenum
336 2480 471 2547 istorum
493 2478 703 2572 deceptorum
725 2504 828 2547 unum
850 2482 1005 2551 conversi
1038 2512 1056 2553 «
1072 2506 1142 2550 non

163 2614 200 2663 tu
222 2594 353 2679 solus,”
375 2595 503 2687 inquit,
527 2624 545 2665 n
561 2595 646 2661 hanc
668 2592 710 2661 dc
732 2597 802 2663 Diis
824 2597 1011 2688 opinionem
1032 2594 1141 2681 foves3

160 2732 292 2801 semper
322 2707 432 2801 plures
465 2710 668 2799 paucioresve
700 2725 799 2789 sunt,
844 2710 901 2797 qui
932 2710 996 2775 hoc
1026 2707 1145 2775 morbo

160 2825 332 2910 laborent3
357 2822 413 2891 sed
435 2846 533 2891 nemo
556 2823 740 2920 profectos
753 2824 919 2907 juvcnnrte
934 2819 975 2886 sd
989 2838 1143 2889 senectu-

163 2957 227 3007 tem
248 2942 282 3005 in
306 2938 344 3004 ei
365 2941 509 3030 perstitit
531 2936 711 3019 sententio,
734 2937 824 3003 Deos
833 2958 905 3001 non
915 2942 1007 3003 csse.x
1027 2933 1146 3004 Melius

163 3050 336 3145 aliquando
369 3070 402 3118 et
434 3054 505 3151 ipsc
536 3053 676 3131 senties3
710 3050 832 3116 interea
857 3051 1059 3116 temerariam
1081 3072 1142 3116 co-

163 3168 240 3233 hibe
261 3188 392 3251 vocem,
415 3184 447 3233 et
469 3164 770 3253 a'lcgumlatoribus
784 3165 942 3250 maxime,
967 3162 1048 3255 quid
1061 3188 1143 3231 oen·

164 3278 301 3347 sendum
322 3281 385 3365 sit,
408 3284 591 3373 sciscitare(
614 3286 639 3375 ).

207 3394 268 3461 Illo
287 3396 403 3482 igitur,
443 3398 534 3489 quod
557 3398 712 3467 Cunt'As
735 3415 810 3467 ante
831 3421 871 3464 ex
891 3400 1038 3466 omnium
1061 3422 1144 3465 con·

165 3533 260 3575 sensu
281 3510 435 3600 petierat,
471 3531 655 3599 argumento
687 3513 744 3579 hic
776 3514 846 3603 ipse
872 3512 974 3579 utitur
996 3508 1147 3580 adversus
1245 3602 1249 3606 .

165 3624 463 3714 impios‘HosPEs‚
499 3627 542 3693 ita
572 3642 678 3695 tamen
700 3645 736 3693 ut
757 3650 797 3693 eo
817 3627 1026 3693 temerarium
1047 3623 1147 3710 magis

168 3760 265 3828 quom
285 3737 423 3826 impium·
445 3738 579 3805 istorum
602 3762 746 3806 errorem
768 3754 869 3806 notet.
917 3740 985 3805 Nec
1007 3761 1146 3830 nsquam
1252 3717 1255 3723 ¹

169 3848 267 3935 alibi,
303 3848 388 3919 Deos
420 3876 507 3938 esse,
543 3878 582 3920 ex
614 3854 787 3921 hominum
818 3847 961 3919 unanimi
991 3876 1148 3920 consensu

170 3958 288 4029 diserte
301 3966 561 4054 probatPtATO.
596 3970 774 4039 Verebatur
787 3987 894 4053 certe,
923 3992 985 4055 nc,
1009 3968 1146 4057 ubiipse

174 4132 339 4149 m

209 4217 252 4287 (t)
270 4237 293 4287 p.
313 4219 372 4273 888.
390 4218 420 4272 n.
438 4245 471 4259 -
489 4219 548 4273 888.
568 4218 600 4273 o.
