2942 5117
712 404 889 471 „3-

317 621 518 673 communem
551 596 675 667 diceret
696 619 878 679 assensum,
900 596 1067 665 confestim
1091 598 1193 672 istise
1217 620 1284 669 no-

316 718 492 797 minarent,
526 736 674 799 maguum
706 710 961 779 dissentientium
982 733 1161 782 numerum.
1205 709 1310 795 Tale*

317 826 397 919 quid
428 826 551 913 Velleio
581 845 689 919 postea
708 824 847 910 accidit,
881 828 947 911 cui,
981 850 1056 893 cum
1081 826 1204 914 egregie
1226 823 1288 891 boc

314 944 495 1029 argumenti
516 934 613 1029 genus
635 940 847 1035 exposuisset,
871 940 950 1007 baec
971 942 1094 1029 objecit
1115 943 1207 1007 Cotta
1221 938 1286 1029 (tlt

314 1055 452 1146 «Quod
485 1058 571 1122 enim
602 1059 745 1123 omnium
777 1043 920 1144 gentium
940 1078 1154 1149 generumque
1176 1054 1287 1122 homi-

314 1173 410 1239 uibus
431 1175 476 1237 ita
495 1171 674 1256 videretur,
706 1170 743 1237 id
764 1173 836 1237 satis
858 1193 1289 1259 magnumesseaargumen-

274 1342 275 1347 ,
315 1301 385 1351 tum
407 1283 532 1370 dixisti,
567 1309 650 1373 cur,
675 1308 744 1351 esse
766 1285 870 1367 Deos,
906 1284 1146 1351 confiteremur.
1190 1279 1291 1371 Quod

316 1422 389 1469 cum
416 1396 486 1467 leve
515 1392 576 1489 per
600 1421 650 1483 se,
685 1415 753 1462 tum
782 1399 879 1464 etiam
909 1397 1023 1465 falsum
1044 1417 1101 1467 est.
1149 1398 1293 1463 Primum

315 1516 403 1580 enim
443 1511 530 1580 unde
566 1528 658 1578 notae
691 1510 752 1575 tibi
783 1528 858 1575 suut
889 1511 1062 1597 opiniones
1095 1512 1291 1578 natitmum?

262 1680 264 1689 s
314 1626 478 1719 Equidem
498 1626 659 1704 arbitror,
687 1622 803 1689 multas
824 1645 891 1688 esse
914 1640 1021 1708 gentes
1038 1624 1085 1689 sic
1097 1625 1293 1691 immanitate

315 1739 483 1823 efferatas,
516 1754 553 1803 ut
584 1732 672 1825 apud
707 1758 762 1801 eos
791 1733 879 1799 nulla
913 1736 1052 1824 suspicio
1079 1736 1220 1801 Deorum
1242 1738 1293 1803 sit.

315 1850 433 1941 Quid?
457 1852 665 1930 DIAGORAS,
689 1845 815 1915 Atheos
838 1848 893 1941 qui
908 1846 1012 1913 dictus
1025 1866 1092 1932 est,
1116 1865 1294 1939 posteaque

218 2051 221 2058 Ι
317 1968 563 2045 Turonorum,
587 1946 699 2027 nonne
721 1981 831 2050 aperte
852 1964 994 2041 Deorum
1012 1981 1292 2051 natur-amanam.

315 2077 474 2145 lerunt?'’
720 2065 723 2071 ’
828 2142 832 2147 ,

359 2192 415 2257 Me
447 2186 572 2277 judice,
610 2214 665 2276 eo,
697 2189 791 2281 quod
820 2191 901 2258 haec
931 2194 1009 2283 ipsis
1042 2169 1107 2260 suis
1129 2194 1294 2284 praemisit

316 2308 440 2374 PLATO
454 2306 674 2391 augmentis,
698 2302 785 2369 baud
798 2306 941 2382 obscure
956 2304 1129 2391 indicavit,
1162 2326 1292 2376 eatenus

318 2442 335 2484 e
358 2443 412 2485 sua
434 2419 612 2500 sententia,
636 2416 740 2485 valere
764 2414 885 2483 debere
904 2418 1068 2502 omnium,
1091 2422 1194 2488 Deum
1209 2444 1294 2503 esse,

318 2522 524 2599 credentium
545 2523 775 2615 testimouium,
799 2547 836 2597 ut
857 2530 1019 2616 homines,
1043 2548 1216 2623 autequam
1235 2536 1297 2625 ipsi

317 2641 515 2738 inquirendo
538 2624 585 2710 rei
607 2645 769 2711 veritatem
791 2646 1018 2735 experiantur,
1040 2668 1109 2711 eam
1128 2643 1196 2712 fide
1210 2672 1294 2737 qua-

319 2758 415 2843 dam,
439 2776 573 2852 propter
595 2760 756 2825 bonorum
779 2758 1023 2839 auctoritatem,
1046 2757 1290 2850 amplectantur.
1338 2796 1340 2802 ·

318 2874 427 2942 Insani
460 2898 526 2941 esse
548 2892 582 2941 et
603 2872 826 2940 inconsiderati
850 2900 868 2938 a
893 2874 1054 2939 communi
1080 2872 1297 2965 plurimorum

319 2988 489 3065 deflectere
523 2988 698 3077 opinione,
743 3006 776 3055 et
807 2985 945 3055 studiose
973 2988 1083 3077 potius
1123 2985 1297 3055 dubitandi

314 3127 474 3197 quaerere
496 3102 657 3185 rationes,
682 3124 780 3193 quam
801 3102 963 3192 plerisque
985 3102 1100 3192 probis
1111 3127 1296 3183 assensum,

320 3216 397 3285 dein
419 3234 615 3304 argumenta,
645 3240 702 3283 cur
730 3218 781 3281 Dii
808 3218 883 3301 sint,
909 3217 951 3281 ab
977 3216 1014 3283 iis
1039 3235 1167 3307 petere..

363 3332 446 3399 Satis
469 3349 587 3397 notum
609 3350 676 3413 est,
702 3347 898 3422 quantopere
919 3332 1006 3397 omni
1025 3330 1094 3398 fere
1108 3330 1233 3417 aetate,
1253 3330 1295 3399 de
1377 3424 1382 3434 ‚

179 3534 185 3543 ,
288 3542 291 3551 1
319 3448 416 3534 hujus
426 3446 603 3533 argumenti
617 3446 724 3536 pretio
733 3444 831 3511 luerit
845 3441 1051 3535 disputatum.
1084 3447 1295 3515 luterPlato-

319 3563 408 3651 nicos
422 3558 652 3651 Philosophus,
677 3561 853 3625 MAxluus
866 3561 1052 3649 praesertim
1069 3561 1123 3628 ille
1137 3565 1295 3642 TYRnts,

321 3696 380 3739 suo
393 3695 484 3739 more
495 3671 576 3738 illud
587 3670 768 3753 adornavit,
782 3672 876 3763 eique
888 3676 1106 3761 patrocinatus
1119 3691 1175 3741 est.
1205 3673 1292 3738 Pau·

321 3785 366 3851 cis
380 3802 450 3849 utar
462 3809 480 3851 e
492 3784 597 3863 multis
610 3785 741 3853 eximiis.
757 3779 804 3849 'Et
815 3785 846 3850 δὲ
856 3785 1039 3871 ἕξεγὲνρντο,
1052 3788 1182 3877 inquit,
1208 3787 1238 3850 ἕν
1255 3788 1296 3869 τῷ

317 3899 474 3979 ‘idaturos
498 3902 576 3965 αἰῶνι
602 3900 913 3983 asservatione,
942 3903 1041 3975 otro«.
1070 3901 1121 3967 tul
1142 3902 1295 3974 suueuia,

317 4018 484 4033 μ...-

357 4066 401 4138 (ι)
423 4066 478 4121 Gre.
496 4070 560 4119 Nat.
578 4064 611 4124 D.
630 4066 650 4126 l.
668 4070 710 4125 23.
737 4070 856 4125 Vatum
872 4079 898 4123 et
913 4066 1000 4124 Banna
1019 4067 1226 4140 ratioatstlegere
1239 4069 1299 4124 lieet

323 4160 343 4216 l.
364 4178 405 4233 17.
423 4155 496 4217 11.‘2
511 4178 579 4232 seqq.
615 4221 618 4229 ¹
