<?xml version="1.0" encoding="UTF-8"?>
<!DOCTYPE html PUBLIC "-//W3C//DTD XHTML 1.0 Transitional//EN"
    "http://www.w3.org/TR/xhtml1/DTD/xhtml1-transitional.dtd">
<html xmlns="http://www.w3.org/1999/xhtml" xml:lang="en" lang="en">
 <head>
  <title>
</title>
<meta http-equiv="Content-Type" content="text/html;charset=utf-8" />
  <meta name='ocr-system' content='tesseract 3.04.00' />
  <meta name='ocr-capabilities' content='ocr_page ocr_carea ocr_par ocr_line ocrx_word'/>
</head>
<body>
  <div class='ocr_page' id='page_1' title='image "./dissertatiolite00tidegoog_0025.png"; bbox 0 0 2942 5117; ppageno 0'>
   <div class='ocr_carea' id='block_1_1' title="bbox 289 773 970 874">
    <p class='ocr_par' dir='ltr' id='par_1_1' title="bbox 289 773 970 874">
     <span class='ocr_line' id='line_1_1' title="bbox 289 773 970 874; baseline 0.004 -28"><span class='ocrx_word' id='word_1_1' title='bbox 289 869 293 874; x_wconf 29' lang='grc'>,</span> <span class='ocrx_word' id='word_1_2' title='bbox 317 773 643 851; x_wconf 75' lang='lat' dir='ltr'><strong>nnsmrnrro</strong></span> <span class='ocrx_word' id='word_1_3' title='bbox 665 773 970 851; x_wconf 74' lang='lat' dir='ltr'><strong>ammaon</strong></span> 
     </span>
    </p>
   </div>
   <div class='ocr_carea' id='block_1_2' title="bbox 614 1079 680 1144">
    <p class='ocr_par' dir='ltr' id='par_1_2' title="bbox 614 1079 680 1144">
     <span class='ocr_line' id='line_1_2' title="bbox 614 1079 680 1144; baseline -0.03 0"><span class='ocrx_word' id='word_1_4' title='bbox 614 1079 680 1144; x_wconf 85' lang='lat' dir='ltr'><strong>DE</strong></span> 
     </span>
    </p>
   </div>
   <div class='ocr_carea' id='block_1_3' title="bbox 243 1303 1057 1482">
    <p class='ocr_par' dir='ltr' id='par_1_3' title="bbox 243 1303 1057 1482">
     <span class='ocr_line' id='line_1_3' title="bbox 243 1303 1057 1482; baseline 0.007 -10"><span class='ocrx_word' id='word_1_5' title='bbox 243 1303 1057 1482; x_wconf 74' lang='lat' dir='ltr'><strong>unornaronrs</strong></span> 
     </span>
    </p>
   </div>
   <div class='ocr_carea' id='block_1_4' title="bbox 518 1738 812 1776">
    <p class='ocr_par' dir='ltr' id='par_1_4' title="bbox 518 1738 812 1776">
     <span class='ocr_line' id='line_1_4' title="bbox 518 1738 812 1776; baseline 0.003 -19"><span class='ocrx_word' id='word_1_6' title='bbox 518 1738 812 1776; x_wconf 38' lang='grc' dir='ltr'>ψ</span> 
     </span>
    </p>
   </div>
   <div class='ocr_carea' id='block_1_5' title="bbox 143 1990 1246 4275">
    <p class='ocr_par' dir='ltr' id='par_1_5' title="bbox 143 1990 1246 3827">
     <span class='ocr_line' id='line_1_5' title="bbox 203 1990 1138 2118; baseline 0.003 -27"><span class='ocrx_word' id='word_1_7' title='bbox 203 1990 310 2091; x_wconf 78' lang='lat' dir='ltr'><strong>Licet</strong></span> <span class='ocrx_word' id='word_1_8' title='bbox 331 2026 512 2090; x_wconf 88' lang='lat' dir='ltr'><strong>eommunis</strong></span> <span class='ocrx_word' id='word_1_9' title='bbox 534 2049 663 2117; x_wconf 81' lang='lat' dir='ltr'><strong>semper</strong></span> <span class='ocrx_word' id='word_1_10' title='bbox 685 2027 784 2094; x_wconf 83' lang='lat' dir='ltr'><strong>fuerit</strong></span> <span class='ocrx_word' id='word_1_11' title='bbox 799 2052 835 2093; x_wconf 92' lang='lat' dir='ltr'><strong>ac</strong></span> <span class='ocrx_word' id='word_1_12' title='bbox 851 2043 998 2094; x_wconf 80' lang='lat' dir='ltr'><strong>constans</strong></span> <span class='ocrx_word' id='word_1_13' title='bbox 1013 2027 1138 2118; x_wconf 89' lang='lat' dir='ltr'><strong>opinio,</strong></span> 
     </span>
     <span class='ocr_line' id='line_1_6' title="bbox 143 2119 1140 2221; baseline 0.009 -21"><span class='ocrx_word' id='word_1_14' title='bbox 143 2140 243 2206; x_wconf 70' lang='lat' dir='ltr'><strong>tDflOS</strong></span> <span class='ocrx_word' id='word_1_15' title='bbox 275 2119 359 2221; x_wconf 77' lang='lat' dir='ltr'><strong>esse,</strong></span> <span class='ocrx_word' id='word_1_16' title='bbox 393 2158 499 2205; x_wconf 87' lang='lat' dir='ltr'><strong>tamen</strong></span> <span class='ocrx_word' id='word_1_17' title='bbox 533 2143 623 2207; x_wconf 90' lang='lat' dir='ltr'><strong>omni</strong></span> <span class='ocrx_word' id='word_1_18' title='bbox 652 2142 720 2209; x_wconf 85' lang='lat' dir='ltr'><strong>fere</strong></span> <span class='ocrx_word' id='word_1_19' title='bbox 743 2125 846 2208; x_wconf 83' lang='lat' dir='ltr'><strong>aetate</strong></span> <span class='ocrx_word' id='word_1_20' title='bbox 869 2145 1017 2209; x_wconf 77' lang='lat' dir='ltr'><strong>exstitere</strong></span> <span class='ocrx_word' id='word_1_21' title='bbox 1041 2143 1140 2210; x_wconf 84' lang='lat' dir='ltr'><strong>cultas</strong></span> 
     </span>
     <span class='ocr_line' id='line_1_7' title="bbox 162 2252 1217 2348; baseline 0.007 -30"><span class='ocrx_word' id='word_1_22' title='bbox 162 2256 257 2319; x_wconf 83' lang='lat' dir='ltr'><strong>inter·</strong></span> <span class='ocrx_word' id='word_1_23' title='bbox 281 2254 425 2318; x_wconf 87' lang='lat' dir='ltr'><strong>nationes</strong></span> <span class='ocrx_word' id='word_1_24' title='bbox 457 2252 623 2340; x_wconf 88' lang='lat' dir='ltr'><strong>homines,</strong></span> <span class='ocrx_word' id='word_1_25' title='bbox 658 2257 714 2348; x_wconf 87' lang='lat' dir='ltr'><strong>qui</strong></span> <span class='ocrx_word' id='word_1_26' title='bbox 747 2258 796 2322; x_wconf 85' lang='lat' dir='ltr'><strong>rei</strong></span> <span class='ocrx_word' id='word_1_27' title='bbox 831 2257 992 2323; x_wconf 87' lang='lat' dir='ltr'><strong>veritatem</strong></span> <span class='ocrx_word' id='word_1_28' title='bbox 1023 2273 1077 2322; x_wconf 88' lang='lat' dir='ltr'><strong>aut</strong></span> <span class='ocrx_word' id='word_1_29' title='bbox 1107 2257 1142 2322; x_wconf 91' lang='lat' dir='ltr'><strong>in</strong></span> <span class='ocrx_word' id='word_1_30' title='bbox 1216 2320 1217 2325; x_wconf 73' lang='grc'>,</span> 
     </span>
     <span class='ocr_line' id='line_1_8' title="bbox 162 2366 1142 2460; baseline 0.004 -28"><span class='ocrx_word' id='word_1_31' title='bbox 162 2366 298 2434; x_wconf 85' lang='lat' dir='ltr'><strong>dubium</strong></span> <span class='ocrx_word' id='word_1_32' title='bbox 320 2385 492 2452; x_wconf 84' lang='lat' dir='ltr'><strong>vocarent,</strong></span> <span class='ocrx_word' id='word_1_33' title='bbox 525 2386 579 2436; x_wconf 91' lang='lat' dir='ltr'><strong>aut</strong></span> <span class='ocrx_word' id='word_1_34' title='bbox 609 2389 721 2460; x_wconf 88' lang='lat' dir='ltr'><strong>aperte</strong></span> <span class='ocrx_word' id='word_1_35' title='bbox 745 2387 915 2455; x_wconf 80' lang='lat' dir='ltr'><strong>negarent,</strong></span> <span class='ocrx_word' id='word_1_36' title='bbox 948 2373 1142 2455; x_wconf 89' lang='lat' dir='ltr'><strong>autetiam,</strong></span> 
     </span>
     <span class='ocr_line' id='line_1_9' title="bbox 165 2481 1142 2574; baseline 0.003 -27"><span class='ocrx_word' id='word_1_37' title='bbox 165 2483 244 2573; x_wconf 88' lang='lat' dir='ltr'><strong>qni,</strong></span> <span class='ocrx_word' id='word_1_38' title='bbox 270 2481 377 2548; x_wconf 81' lang='lat' dir='ltr'><strong>verbis</strong></span> <span class='ocrx_word' id='word_1_39' title='bbox 401 2504 558 2548; x_wconf 84' lang='lat' dir='ltr'><strong>assensum</strong></span> <span class='ocrx_word' id='word_1_40' title='bbox 579 2482 790 2574; x_wconf 80' lang='lat' dir='ltr'><strong>praebentes,</strong></span> <span class='ocrx_word' id='word_1_41' title='bbox 815 2507 924 2549; x_wconf 88' lang='lat' dir='ltr'><strong>revera</strong></span> <span class='ocrx_word' id='word_1_42' title='bbox 937 2486 1019 2549; x_wconf 85' lang='lat' dir='ltr'><strong>Deos</strong></span> <span class='ocrx_word' id='word_1_43' title='bbox 1031 2502 1142 2550; x_wconf 85' lang='lat' dir='ltr'><strong>sustu-</strong></span> 
     </span>
     <span class='ocr_line' id='line_1_10' title="bbox 163 2591 1144 2662; baseline -0.002 0"><span class='ocrx_word' id='word_1_44' title='bbox 163 2595 236 2662; x_wconf 88' lang='lat' dir='ltr'><strong>lisse</strong></span> <span class='ocrx_word' id='word_1_45' title='bbox 268 2591 422 2661; x_wconf 85' lang='lat' dir='ltr'><strong>censendi</strong></span> <span class='ocrx_word' id='word_1_46' title='bbox 453 2594 527 2659; x_wconf 89' lang='lat' dir='ltr'><strong>sint.</strong></span> <span class='ocrx_word' id='word_1_47' title='bbox 583 2596 629 2661; x_wconf 91' lang='lat' dir='ltr'><strong>Ut</strong></span> <span class='ocrx_word' id='word_1_48' title='bbox 659 2594 710 2662; x_wconf 85' lang='lat' dir='ltr'><strong>vel</strong></span> <span class='ocrx_word' id='word_1_49' title='bbox 742 2597 789 2661; x_wconf 90' lang='lat' dir='ltr'><strong>rei</strong></span> <span class='ocrx_word' id='word_1_50' title='bbox 821 2595 902 2661; x_wconf 88' lang='lat' dir='ltr'><strong>ratio</strong></span> <span class='ocrx_word' id='word_1_51' title='bbox 933 2595 999 2660; x_wconf 89' lang='lat' dir='ltr'><strong>hoe</strong></span> <span class='ocrx_word' id='word_1_52' title='bbox 1019 2595 1144 2660; x_wconf 85' lang='lat' dir='ltr'><strong>sumere</strong></span> 
     </span>
     <span class='ocr_line' id='line_1_11' title="bbox 162 2707 1238 2800; baseline -0.001 -25"><span class='ocrx_word' id='word_1_53' title='bbox 162 2708 292 2793; x_wconf 84' lang='lat' dir='ltr'><strong>suadet,</strong></span> <span class='ocrx_word' id='word_1_54' title='bbox 314 2709 359 2774; x_wconf 85' lang='lat' dir='ltr'><strong>ita</strong></span> <span class='ocrx_word' id='word_1_55' title='bbox 382 2707 603 2800; x_wconf 89' lang='lat' dir='ltr'><strong>philosophiae</strong></span> <span class='ocrx_word' id='word_1_56' title='bbox 625 2709 759 2774; x_wconf 87' lang='lat' dir='ltr'><strong>historia</strong></span> <span class='ocrx_word' id='word_1_57' title='bbox 771 2708 879 2772; x_wconf 88' lang='lat' dir='ltr'><strong>multis</strong></span> <span class='ocrx_word' id='word_1_58' title='bbox 894 2725 1036 2774; x_wconf 89' lang='lat' dir='ltr'><strong>testatur.</strong></span> <span class='ocrx_word' id='word_1_59' title='bbox 1071 2710 1146 2776; x_wconf 91' lang='lat' dir='ltr'><strong>Non</strong></span> <span class='ocrx_word' id='word_1_60' title='bbox 1189 2733 1194 2748; x_wconf 91' lang='lat'><strong>·</strong></span> <span class='ocrx_word' id='word_1_61' title='bbox 1230 2781 1238 2794; x_wconf 53' lang='lat'>‚</span> 
     </span>
     <span class='ocr_line' id='line_1_12' title="bbox 163 2816 1142 2914; baseline -0.004 -25"><span class='ocrx_word' id='word_1_62' title='bbox 163 2821 253 2914; x_wconf 84' lang='lat' dir='ltr'><strong>quod</strong></span> <span class='ocrx_word' id='word_1_63' title='bbox 285 2825 424 2888; x_wconf 85' lang='lat' dir='ltr'><strong>nesciam</strong></span> <span class='ocrx_word' id='word_1_64' title='bbox 456 2849 474 2887; x_wconf 91' lang='lat' dir='ltr'><strong>a</strong></span> <span class='ocrx_word' id='word_1_65' title='bbox 505 2817 701 2912; x_wconf 84' lang='lat' dir='ltr'><strong>quibusdam</strong></span> <span class='ocrx_word' id='word_1_66' title='bbox 723 2816 788 2884; x_wconf 90' lang='lat' dir='ltr'><strong>dici</strong></span> <span class='ocrx_word' id='word_1_67' title='bbox 811 2817 917 2886; x_wconf 92' lang='lat' dir='ltr'><strong>nullos</strong></span> <span class='ocrx_word' id='word_1_68' title='bbox 940 2843 1007 2885; x_wconf 90' lang='lat' dir='ltr'><strong>esse</strong></span> <span class='ocrx_word' id='word_1_69' title='bbox 1030 2822 1142 2895; x_wconf 72' lang='grc' dir='ltr'><em>ἄθεούς.</em></span> 
     </span>
     <span class='ocr_line' id='line_1_13' title="bbox 164 2927 1246 3024; baseline -0.002 -22"><span class='ocrx_word' id='word_1_70' title='bbox 164 2927 449 3015; x_wconf 80' lang='lat' dir='ltr'><strong>«Mentiuntur,&#39;’</strong></span> <span class='ocrx_word' id='word_1_71' title='bbox 492 2934 601 3024; x_wconf 87' lang='lat' dir='ltr'><strong>inquit</strong></span> <span class='ocrx_word' id='word_1_72' title='bbox 636 2932 801 3016; x_wconf 76' lang='lat' dir='ltr'><strong>SENECA,</strong></span> <span class='ocrx_word' id='word_1_73' title='bbox 839 2934 931 3024; x_wconf 88' lang='lat' dir='ltr'><strong>«qui</strong></span> <span class='ocrx_word' id='word_1_74' title='bbox 966 2934 1081 3002; x_wconf 88' lang='lat' dir='ltr'><strong>dieunt</strong></span> <span class='ocrx_word' id='word_1_75' title='bbox 1114 2951 1148 3000; x_wconf 79' lang='lat' dir='ltr'><strong>se</strong></span> <span class='ocrx_word' id='word_1_76' title='bbox 1243 2943 1246 2956; x_wconf 92' lang='lat'>&#39;</span> 
     </span>
     <span class='ocr_line' id='line_1_14' title="bbox 165 3048 1147 3130; baseline -0.002 -14"><span class='ocrx_word' id='word_1_77' title='bbox 165 3074 236 3119; x_wconf 92' lang='lat' dir='ltr'><strong>non</strong></span> <span class='ocrx_word' id='word_1_78' title='bbox 258 3049 377 3116; x_wconf 89' lang='lat' dir='ltr'><strong>sentire</strong></span> <span class='ocrx_word' id='word_1_79' title='bbox 399 3071 465 3113; x_wconf 89' lang='lat' dir='ltr'><strong>esse</strong></span> <span class='ocrx_word' id='word_1_80' title='bbox 488 3048 614 3130; x_wconf 83' lang='lat' dir='ltr'><strong>Deum3</strong></span> <span class='ocrx_word' id='word_1_81' title='bbox 649 3071 725 3111; x_wconf 92' lang='lat' dir='ltr'><strong>nam</strong></span> <span class='ocrx_word' id='word_1_82' title='bbox 740 3049 807 3114; x_wconf 85' lang='lat' dir='ltr'><strong>etsi</strong></span> <span class='ocrx_word' id='word_1_83' title='bbox 831 3048 892 3114; x_wconf 89' lang='lat' dir='ltr'><strong>tibi</strong></span> <span class='ocrx_word' id='word_1_84' title='bbox 914 3049 1074 3116; x_wconf 88' lang='lat' dir='ltr'><strong>affirment</strong></span> <span class='ocrx_word' id='word_1_85' title='bbox 1091 3051 1147 3115; x_wconf 93' lang='lat' dir='ltr'><strong>in-</strong></span> 
     </span>
     <span class='ocr_line' id='line_1_15' title="bbox 167 3158 1149 3244; baseline -0.002 -12"><span class='ocrx_word' id='word_1_86' title='bbox 167 3161 293 3244; x_wconf 86' lang='lat' dir='ltr'><strong>terdiu,</strong></span> <span class='ocrx_word' id='word_1_87' title='bbox 317 3179 415 3230; x_wconf 88' lang='lat' dir='ltr'><strong>noctu</strong></span> <span class='ocrx_word' id='word_1_88' title='bbox 438 3181 547 3228; x_wconf 90' lang='lat' dir='ltr'><strong>tamen</strong></span> <span class='ocrx_word' id='word_1_89' title='bbox 568 3179 601 3225; x_wconf 90' lang='lat' dir='ltr'><strong>et</strong></span> <span class='ocrx_word' id='word_1_90' title='bbox 624 3161 685 3225; x_wconf 91' lang='lat' dir='ltr'><strong>sibi</strong></span> <span class='ocrx_word' id='word_1_91' title='bbox 707 3158 893 3228; x_wconf 88' lang='lat' dir='ltr'><strong>dubitant.&#39;’</strong></span> <span class='ocrx_word' id='word_1_92' title='bbox 933 3163 998 3230; x_wconf 88' lang='lat' dir='ltr'><strong>Sed</strong></span> <span class='ocrx_word' id='word_1_93' title='bbox 1020 3163 1080 3231; x_wconf 83' lang='lat' dir='ltr'><strong>alia</strong></span> <span class='ocrx_word' id='word_1_94' title='bbox 1103 3182 1149 3231; x_wconf 90' lang='lat' dir='ltr'><strong>est</strong></span> 
     </span>
     <span class='ocr_line' id='line_1_16' title="bbox 168 3269 1147 3370; baseline 0.004 -28"><span class='ocrx_word' id='word_1_95' title='bbox 168 3279 332 3370; x_wconf 75' lang='lat' dir='ltr'><strong>quaestio,</strong></span> <span class='ocrx_word' id='word_1_96' title='bbox 368 3293 473 3342; x_wconf 71' lang='lat' dir='ltr'><strong>nuum</strong></span> <span class='ocrx_word' id='word_1_97' title='bbox 495 3274 556 3341; x_wconf 89' lang='lat' dir='ltr'><strong>sibi</strong></span> <span class='ocrx_word' id='word_1_98' title='bbox 578 3278 801 3357; x_wconf 81' lang='lat' dir='ltr'><strong>constiterint,</strong></span> <span class='ocrx_word' id='word_1_99' title='bbox 826 3269 883 3366; x_wconf 71' lang='lat' dir='ltr'><strong>qui</strong></span> <span class='ocrx_word' id='word_1_100' title='bbox 905 3302 1024 3364; x_wconf 83' lang='lat' dir='ltr'><strong>negare</strong></span> <span class='ocrx_word' id='word_1_101' title='bbox 1046 3281 1147 3346; x_wconf 88' lang='lat' dir='ltr'><strong>susti-</strong></span> 
     </span>
     <span class='ocr_line' id='line_1_17' title="bbox 167 3387 1148 3489; baseline -0.002 -31"><span class='ocrx_word' id='word_1_102' title='bbox 167 3407 333 3470; x_wconf 68' lang='lat' dir='ltr'><strong>nuerunta</strong></span> <span class='ocrx_word' id='word_1_103' title='bbox 369 3408 475 3456; x_wconf 88' lang='lat' dir='ltr'><strong>unum</strong></span> <span class='ocrx_word' id='word_1_104' title='bbox 507 3387 614 3456; x_wconf 77' lang='lat' dir='ltr'><strong>seduth</strong></span> <span class='ocrx_word' id='word_1_105' title='bbox 648 3407 679 3456; x_wconf 92' lang='lat' dir='ltr'><strong>et</strong></span> <span class='ocrx_word' id='word_1_106' title='bbox 709 3390 887 3482; x_wconf 72' lang='lat' dir='ltr'><strong>tranquilli</strong></span> <span class='ocrx_word' id='word_1_107' title='bbox 911 3411 1038 3476; x_wconf 88' lang='lat' dir='ltr'><strong>mente,</strong></span> <span class='ocrx_word' id='word_1_108' title='bbox 1058 3393 1148 3489; x_wconf 71' lang='lat' dir='ltr'><strong>¹opi-</strong></span> 
     </span>
     <span class='ocr_line' id='line_1_18' title="bbox 168 3501 1148 3595; baseline -0.004 -21"><span class='ocrx_word' id='word_1_109' title='bbox 168 3507 337 3574; x_wconf 84' lang='lat' dir='ltr'><strong>nionibus</strong></span> <span class='ocrx_word' id='word_1_110' title='bbox 353 3501 581 3595; x_wconf 84' lang='lat' dir='ltr'><strong>praejudicatis</strong></span> <span class='ocrx_word' id='word_1_111' title='bbox 611 3504 727 3584; x_wconf 74' lang='lat' dir='ltr'><strong>v&#39;acuh‚</strong></span> <span class='ocrx_word' id='word_1_112' title='bbox 762 3521 868 3570; x_wconf 83' lang='lat' dir='ltr'><strong>secum</strong></span> <span class='ocrx_word' id='word_1_113' title='bbox 890 3503 1064 3592; x_wconf 82' lang='lat' dir='ltr'><strong>diligenter</strong></span> <span class='ocrx_word' id='word_1_114' title='bbox 1089 3529 1148 3570; x_wconf 90' lang='lat' dir='ltr'><strong>re-</strong></span> 
     </span>
     <span class='ocr_line' id='line_1_19' title="bbox 168 3616 1219 3713; baseline -0.003 -25"><span class='ocrx_word' id='word_1_115' title='bbox 168 3621 372 3713; x_wconf 85' lang='lat' dir='ltr'><strong>putaverint,</strong></span> <span class='ocrx_word' id='word_1_116' title='bbox 405 3643 480 3710; x_wconf 81' lang='lat' dir='ltr'><strong>cum</strong></span> <span class='ocrx_word' id='word_1_117' title='bbox 502 3643 662 3685; x_wconf 89' lang='lat' dir='ltr'><strong>assensum</strong></span> <span class='ocrx_word' id='word_1_118' title='bbox 684 3619 892 3686; x_wconf 77' lang='lat' dir='ltr'><strong>cohiberent:</strong></span> <span class='ocrx_word' id='word_1_119' title='bbox 918 3644 978 3686; x_wconf 92' lang='lat' dir='ltr'><strong>nos</strong></span> <span class='ocrx_word' id='word_1_120' title='bbox 1002 3616 1151 3685; x_wconf 82' lang='lat' dir='ltr'><strong>desasto</strong></span> <span class='ocrx_word' id='word_1_121' title='bbox 1216 3629 1219 3637; x_wconf 92' lang='lat'>&#39;</span> 
     </span>
     <span class='ocr_line' id='line_1_20' title="bbox 171 3733 953 3827; baseline -0.004 -26"><span class='ocrx_word' id='word_1_122' title='bbox 171 3736 369 3827; x_wconf 85' lang='lat' dir='ltr'><strong>quaerimus,</strong></span> <span class='ocrx_word' id='word_1_123' title='bbox 393 3735 549 3799; x_wconf 85' lang='lat' dir='ltr'><strong>rationem</strong></span> <span class='ocrx_word' id='word_1_124' title='bbox 572 3733 645 3800; x_wconf 86' lang='lat' dir='ltr'><strong>sacti</strong></span> <span class='ocrx_word' id='word_1_125' title='bbox 669 3734 774 3798; x_wconf 91' lang='lat' dir='ltr'><strong>minus</strong></span> <span class='ocrx_word' id='word_1_126' title='bbox 797 3756 953 3800; x_wconf 89' lang='lat' dir='ltr'><strong>curamus.</strong></span> 
     </span>
    </p>

    <p class='ocr_par' dir='ltr' id='par_1_6' title="bbox 171 3846 1209 4275">
     <span class='ocr_line' id='line_1_21' title="bbox 193 3846 1209 3938; baseline -0.001 -22"><span class='ocrx_word' id='word_1_127' title='bbox 193 3849 327 3916; x_wconf 80' lang='lat' dir='ltr'><strong>‘Aetate</strong></span> <span class='ocrx_word' id='word_1_128' title='bbox 351 3866 439 3915; x_wconf 84' lang='lat' dir='ltr'><strong>certe</strong></span> <span class='ocrx_word' id='word_1_129' title='bbox 462 3849 647 3914; x_wconf 70' lang='lat' dir='ltr'><strong>Petronis</strong></span> <span class='ocrx_word' id='word_1_130' title='bbox 671 3846 945 3938; x_wconf 82' lang='lat' dir='ltr'><strong>philosophorum</strong></span> <span class='ocrx_word' id='word_1_131' title='bbox 967 3849 1003 3912; x_wconf 90' lang='lat' dir='ltr'><strong>in</strong></span> <span class='ocrx_word' id='word_1_132' title='bbox 1026 3847 1153 3915; x_wconf 85' lang='lat' dir='ltr'><strong>Scholis</strong></span> <span class='ocrx_word' id='word_1_133' title='bbox 1171 3853 1179 3876; x_wconf 75' lang='lat'><strong>&#39;&#39;</strong></span> <span class='ocrx_word' id='word_1_134' title='bbox 1206 3923 1209 3934; x_wconf 30' lang='lat'><strong>¹</strong></span> 
     </span>
     <span class='ocr_line' id='line_1_22' title="bbox 175 3958 1151 4053; baseline 0 -27"><span class='ocrx_word' id='word_1_135' title='bbox 175 3960 347 4028; x_wconf 88' lang='lat' dir='ltr'><strong>multorum</strong></span> <span class='ocrx_word' id='word_1_136' title='bbox 377 3959 589 4027; x_wconf 86' lang='lat' dir='ltr'><strong>audiebantur</strong></span> <span class='ocrx_word' id='word_1_137' title='bbox 620 3958 854 4044; x_wconf 84' lang='lat' dir='ltr'><strong>dubitantium,</strong></span> <span class='ocrx_word' id='word_1_138' title='bbox 891 3962 969 4050; x_wconf 88' lang='lat' dir='ltr'><strong>quin</strong></span> <span class='ocrx_word' id='word_1_139' title='bbox 1000 3962 1065 4053; x_wconf 77' lang='lat' dir='ltr'><strong>imp</strong></span> <span class='ocrx_word' id='word_1_140' title='bbox 1089 3985 1151 4026; x_wconf 90' lang='lat' dir='ltr'><strong>ne-</strong></span> 
     </span>
     <span class='ocr_line' id='line_1_23' title="bbox 172 4071 1154 4161; baseline 0.001 -24"><span class='ocrx_word' id='word_1_141' title='bbox 172 4076 315 4161; x_wconf 82' lang='lat' dir='ltr'><strong>gantium</strong></span> <span class='ocrx_word' id='word_1_142' title='bbox 337 4097 441 4142; x_wconf 79' lang='lat' dir='ltr'><strong>voces.</strong></span> <span class='ocrx_word' id='word_1_143' title='bbox 479 4076 594 4139; x_wconf 83' lang='lat' dir='ltr'><strong>Pravue</strong></span> <span class='ocrx_word' id='word_1_144' title='bbox 606 4071 852 4158; x_wconf 86' lang='lat' dir='ltr'><strong>divulgabantur</strong></span> <span class='ocrx_word' id='word_1_145' title='bbox 865 4096 966 4139; x_wconf 86' lang='lat' dir='ltr'><strong>novae</strong></span> <span class='ocrx_word' id='word_1_146' title='bbox 978 4071 1154 4155; x_wconf 65' lang='lat' dir='ltr'><strong>doetrinae,</strong></span> 
     </span>
     <span class='ocr_line' id='line_1_24' title="bbox 171 4187 1157 4275; baseline -0.004 -19"><span class='ocrx_word' id='word_1_147' title='bbox 171 4191 344 4257; x_wconf 87' lang='lat' dir='ltr'><strong>Poetarum</strong></span> <span class='ocrx_word' id='word_1_148' title='bbox 367 4189 517 4254; x_wconf 72' lang='lat' dir='ltr'><strong>Hortum</strong></span> <span class='ocrx_word' id='word_1_149' title='bbox 537 4190 670 4253; x_wconf 83' lang='lat' dir='ltr'><strong>maxime</strong></span> <span class='ocrx_word' id='word_1_150' title='bbox 685 4187 1062 4275; x_wconf 70' lang='lat' dir='ltr'><strong>et‚Hus10n1-·carmina,</strong></span> <span class='ocrx_word' id='word_1_151' title='bbox 1079 4201 1157 4253; x_wconf 87' lang='lat' dir='ltr'><strong>&#39;non</strong></span> 
     </span>
    </p>
   </div>
   <div class='ocr_carea' id='block_1_6' title="bbox 855 4308 873 4371">
    <p class='ocr_par' dir='ltr' id='par_1_7' title="bbox 855 4308 873 4371">
     <span class='ocr_line' id='line_1_25' title="bbox 855 4308 873 4371; baseline 0 0"><span class='ocrx_word' id='word_1_152' title='bbox 855 4308 873 4371; x_wconf 94' lang='lat'>1</span> 
     </span>
    </p>
   </div>
   <div class='ocr_carea' id='block_1_7' title="bbox 0 0 1512 5117">
    <p class='ocr_par' dir='ltr' id='par_1_8' title="bbox 0 0 1512 5117">
     <span class='ocr_line' id='line_1_26' title="bbox 0 0 1512 5117; baseline 0 0"><span class='ocrx_word' id='word_1_153' title='bbox 0 0 1512 5117; x_wconf 95' lang='lat' dir='ltr'><strong> </strong></span> 
     </span>
    </p>
   </div>
  </div>
 </body>
</html>
