2942 5117
559 430 739 493 ..15-

158 612 313 701 mirandis
336 624 455 691 viribus
478 620 613 712 polleat,
637 622 698 689 tatu
717 624 855 699 ἡγεῖσθαι
868 643 981 699 omnes
998 638 1134 711 oportet

158 736 257 815 Idem,
272 735 465 819 censendum
487 754 553 821 est,
585 733 732 818 desole,
767 734 863 821 luna,
895 734 1137 826 astris,·dequa

100 911 103 916 .
157 852 272 934 annis,
305 852 486 936 mensibus,
521 866 554 915 et
580 852 732 920 omnibus
755 852 1006 941 tempestatibus.
1051 850 1138 940 Quia

158 967 280 1033 animus
310 989 367 1047 seu
400 965 500 1031 animi
535 966 649 1032 virtute
682 964 819 1055 praediti
851 962 966 1031 horum
993 966 1136 1044 omnium

156 1081 300 1152 exstitere
324 1104 457 1190 causae,
490 1076 560 1145 illos
591 1081 711 1147 animos
733 1082 817 1148 Deos
838 1078 1002 1163 dicemus,
1037 1097 1136 1172 atque

155 1195 252 1280 igitur
277 1191 437 1263 decissione
458 1192 553 1275 πλήρη
574 1194 690 1261 πάντα.

193 1290 308 1379 aJann
330 1308 420 1389 hic,”
455 1308 500 1375 sic
522 1308 610 1374 enim
632 1309 676 1373 ait
700 1306 838 1373 Hosrus
859 1265 1135 1391 Arunsrnssrs,

155 1422 361 1493 «mittamus
384 1444 455 1504 eos,
481 1446 537 1511 qur
528 1422 643 1488 Deos
666 1443 733 1487 esse
757 1440 932 1505 negarunt,
967 1422 1026 1497 hae
1048 1448 1134 1489 con·

156 1534 299 1614 ditione,
324 1550 378 1616 ut,
400 1531 452 1601 vel
475 1530 616 1599 doceant
637 1558 698 1601 nos
721 1556 861 1617 errasse,
896 1558 972 1603 cum
996 1538 1138 1601 animum
1227 1600 1230 1607 ,

155 1646 328 1715 dixerimus
352 1645 467 1725 γένεσιν
485 1646 627 1718 ἁπάντων
646 1643 721 1715 εἶναι
740 1647 874 1726 πρώτην,
896 1664 930 1712 et
943 1671 1024 1735 quae
1038 1644 1135 1713 deiu-

154 1784 231 1853 ceps
253 1760 433 1844 attulimus,
458 1758 510 1829 vel
526 1760 622 1827 nobis
634 1756 906 1841 fidemhabeant,
928 1764 1010 1826 etin
1023 1780 1136 1851 poste·

136 1899 225 1965 *aaa
246 1877 432 1960 iaevam,
457 1893 491 1943 aa
505 1898 636 1957 omnes,
657 1876 720 1965 qur
729 1873 1039 1943 caucasiorum
1050 1877 1135 1967 (1).'’

153 1989 307 2057 Cumas
350 1989 411 2053 sibi
455 1988 634 2057 satisfecisse
665 1973 801 2055 omnino
831 1989 1002 2057 Hosrrrrs
1034 2014 1134 2075 argu-

152 2118 261 2185 menta
283 2119 434 2185 testatur:
469 2100 511 2167 ad
544 2102 641 2191 aliam*
667 2102 765 2189 igitur
790 2101 946 2171 accedunt
967 2106 1134 2193 quaestio·

152 2240 237 2283 nem.
261 2250 303 2267 —-
334 2216 434 2299 Nobis
466 2235 569 2285 autem
598 2216 794 2309 aliquamdiu
815 2221 912 2286 etiam
933 2242 1022 2288 nunc
1046 2220 1133 2290 hisce

153 2330 320 2398 inmorari
342 2326 440 2397 lubet.
638 2402 639 2407 η

198 2445 271 2523 Duo
304 2442 416 2509 afferre
438 2445 661 2532 PLATONEM,
687 2470 746 2521 our
767 2448 823 2513 Dii
842 2451 927 2534 sint,
951 2467 1136 2539 argumenta

77 2626 84 2637 ,
154 2546 380 2645 cognovimus3
405 2559 546 2650 primum
567 2584 607 2630 ex
629 2561 776 2631 omnium
798 2563 966 2630 hominum
981 2584 1136 2629 consensu

152 2675 294 2765 petitur,
332 2697 351 2737 e
382 2652 498 2739 muudi
531 2694 621 2743 motu
643 2675 789 2743 alterum.
831 2678 880 2741 De
901 2676 956 2745 ilio
976 2674 1134 2769 quaedam

153 2785 314 2869 diximus3
339 2784 380 2853 de
404 2788 469 2855 hoe
489 2788 596 2881 itaque
619 2790 730 2880 paucis
753 2785 914 2875 agendum
935 2807 992 2859 est.

197 2902 320 2969 Tribus
342 2900 412 2968 fere
435 2902 522 2971 hisce
543 2901 625 2969 illud
640 2904 826 2971 continetur
838 2904 1132 2977 enuntiationibus

196 3018 354 3101 Animus,
377 3035 487 3108 utpote
508 3016 614 3085 motus
633 3018 780 3102 initium,
805 3019 1017 3104 generationis
1030 3021 1134 3092 oanis

241 3131 349 3220 prima
371 3148 422 3197 est
440 3154 550 3199 causa:

160 3244 359 3329 Animus,
387 3247 604 3332 generationis
627 3246 729 3325 omnis
752 3250 856 3337 prima
878 3270 992 3328 causa,
1023 3202 1131 3317 idem·

243 3385 306 3451 que
329 3380 433 3443 mente
457 3387 493 3429 ac
515 3364 629 3431 virtute
650 3360 839 3454 praeditus,
862 3365 964 3429 Deus
961 3380 1035 3432 est·
1086 3424 1090 3434 ,
1114 3377 1118 3383 “

161 3506 166 3519 ’
195 3474 323 3543 Mundo
347 3494 381 3543 et
401 3476 530 3565 singulis
543 3482 610 3565 ejus
624 3479 768 3571 partibus
780 3480 862 3545 inest
875 3477 941 3546 talis
952 3479 1092 3545 ammes:
1116 3515 1119 3522 ·

195 3588 311 3678 Quare
333 3611 451 3683 sponte
473 3594 635 3687 sequitur,
658 3618 724 3662 esse
749 3596 844 3663 Deos·

195 3702 307 3771 Jam
297 3731 333 3771 sn
365 3710 968 3800 promtuest,qnareC1.1N1tEcx
993 3707 1130 3776 nuiveni

150 3818 264 3884 natura
284 3836 316 3885 et
337 3818 462 3889 ordinis
484 3809 616 3899 ratione
628 3822 763 3931 optimi,
783 3825 868 3897 Deos
887 3844 968 3906 esse,
990 3820 1127 3891 conclu-

153 3927 242 3997 denti
275 3935 431 4021 objecerit
458 3936 661 4020 Hosius,
651 3940 770 4029 impios
803 3938 866 4008 hoo
888 3960 1031 4029 prorsus
1040 3960 1125 4006 eon-
1214 3946 1216 3950 ’
1281 3971 1284 3978 ·

69 4078 72 4087 ⁴
149 4098 313 4125 uptun-—

185 4184 229 4255 (ι)
247 4205 272 4257 p.
290 4188 349 4259 895.
366 4187 524 4259 (λι-899.
541 4190 573 4245 Et
638 4196 641 4239 ‚¹
680 4181 684 4194 '
