2942 5117
452 419 457 443 Ι
544 455 748 524 -145-

152 650 350 725 «Animus’
371 650 498 741 inquit,
528 673 702 740 «corpore
722 651 844 720 solutus
865 675 931 718 uua
952 675 1029 718 cum
1044 653 1135 722 mul·
1159 637 1160 642 ἵ

152 767 194 835 tls
214 764 380 852 inlocum
403 762 593 832 diviniorem
602 766 701 833 venit.
741 766 792 831 lbi
815 763 881 832 duc
897 753 1135 848 suntin'terrl,

151 880 253 971 iisque
273 905 291 945 e
312 881 442 966 regione
464 879 602 970 oppositi
624 879 690 947 duc
709 879 746 946 in
774 878 863 946 coelo
884 879 996 946 hiatus.
1032 876 1137 945 Medii

151 994 236 1060 inter
258 994 329 1062 ⁴hus
362 993 486 1080 iudices
519 989 652 1079 sedent,
670 987 753 1086 qui
766 993 827 1060 lutl
851 993 1010 1060 sententil
1033 997 1137 1080 justus

152 1104 267 1194 judieii
288 1109 379 1193 signa
399 1109 436 1172 in
457 1124 559 1198 parte.
571 1109 734 1174 anteriore
756 1107 895 1174 ferentes
918 1105 960 1174 sd
972 1107 1138 1175 dexteram

151 1245 279 1290 sursum
300 1220 469 1306 ablegant3
495 1221 650 1306 injustus,
674 1220 772 1306 signis
786 1235 863 1308 post
880 1235 964 1305 terge
977 1219 1135 1306 allegatis,

150 1333 194 1402 ad
228 1335 392 1402 sinistram
412 1332 564 1402 deorsum
587 1332 776 1423 demittunt.
820 1333 982 1400 Circuitus
1004 1335 1136 1402 animo-

151 1473 228 1535 rum
249 1446 288 1514 fit
309 1447 396 1518 mille
410 1449 513 1515 annis.
545 1446 614 1535 Qui
628 1445 970 1526 manumiserunt,
994 1449 1139 1516 centenis

152 1550 337 1654 quiltusque
352 1562 444 1633 annis
456 1562 658 1652 puniuntur,
681 1578 725 1628 ιιι.
731 1558 896 1626 malefacta
909 1557 1015 1628 decies
1028 1558 1139 1644 luent,

153 1678 239 1746 siin
260 1675 336 1746 alios
358 1673 456 1744 caede
476 1675 697 1764 injustitiaque
718 1675 900 1771 saevierint,
945 1672 1070 1754 Eadem,
1082 1699 1138 1742 ιι-

150 1796 242 1862 ticne
288 1791 370 1882 iuni
412 1787 661 1881 benefactqrum
693 1789 838 1880 praemla
871 1786 978 1860 decies
1012 1781 1138 1880 aecipi-¹

151 1925 212 1980 unt
221 1907 244 1938 ’'
266 1904 328 1996 (t).
386 1904 480 1973 Hanc
511 1905 693 1975 asrimomm
726 1921 845 1972 sortem
867 1905 1076 1996 Deorumque
1098 1903 1141 1974 de
1204 1937 1206 1942 ·

151 2021 213 2092 illis
244 2043 353 2114 euram
383 2019 418 2085 in
451 2017 638 2084 Phaedone
672 2041 805 2110 quoque
826 2019 950 2106 egregie
972 2017 1143 2110 descripsit

152 2137 370 2212 Securus,
410 2132 484 2222 ipsc
513 2132 642 2216 jamjam
673 2130 807 2200 illorum
841 2156 972 2202 consors
1002 2133 1140 2208 futurus.

157 2279 176 2318 a
193 2250 227 2318 A
273 2246 386 2312 Geniis
428 2245 466 2315 in
500 2224 625 2323 ctutum
657 2243 764 2314 locum
797 2243 930 2316 deducti
963 2247 1062 2316 animi
1094 2248 1143 2322 ibi

157 2361 355 2452 judicantur.
399 2359 467 2449 Qui
502 2357 710 2428 mediocriter
738 2385 772 2430 se
800 2363 836 2430 in
870 2365 934 2432 vita
955 2379 1141 2451 gesserunt,

134 2476 407 2546 'malefactorum
441 2498 566 2566 poenas
599 2475 642 2543 ita
659 2473 760 2563 dant,
788 2495 825 2545 ut
846 2477 942 2546 simul
964 2495 1145 2568 purgentur

156 2617 195 2662 ac
216 2592 340 2660 nniuu
357 2590 585 2674 restituantur3
612 2589 859 2656 benefactorum
883 2606 989 2656 autem
1001 2589 1145 2680 praemia
1204 2603 1207 2615 ¹

157 2707 330 2798 accipiunt.
373 2703 441 2795 Qui
460 2707 602 2790 majora,
623 2701 682 2770 sed
701 2701 856 2770 sanabilia
880 2720 987 2772 tamen
1012 2721 1146 2795 peccate

156 2821 407 2902 commiserunt,
421 2815 530 2887 relati
549 2815 734 2887 homicidae
758 2837 791 2886 et
817 2836 991 2910 parentum
1004 2818 1142 2888 violato·-

158 2960 231 3020 res,
246 2934 460 3022 gravioribus
493 2929 664 3022 suppliciis
692 2951 871 3017 vexanturg
904 2934 1055 3025 aquibus
1079 2957 1145 3000 uon

161 3069 254 3118 antea
275 3049 476 3131 liberantur,
500 3069 598 3137 quam
619 3047 677 3129 iis,
702 3071 784 3138 quos
810 3049 928 3134 injuria
953 3047 1143 3132 affeceruuq

158 3164 394 3249 satisfecerint·
410 3177 443 3227 et
474 3160 699 3250 persuaserint.
745 3160 813 3250 Qui
848 3187 923 3230 vero
941 3155 1145 3239 ¹,insanabilis

158 3295 393 3372 peccaverunt,
415 3273 521 3342 multis
541 3294 572 3341 et
591 3275 717 3361 injustis
736 3260 892 3348 'caedibus
911 3276 1089 3368 patrandis,
1108 3277 1145 3346 hl
1179 3313 1182 3334 ·
1263 3258 1267 3271 Ι

158 3398 196 3467 iu
231 3396 406 3462 ‘l'artarnm
432 3390 671 3477 conjiciuntur,
704 3415 745 3461 cn
762 3417 836 3484 quc
857 3417 1035 3486 numquam
1056 3392 1143 3464 tite«

101 3497 106 3502 ⁷
156 3527 280 3580 rantur
326 3505 520 3595 Denique”
500 3528 541 3586 u,
566 3503 623 3592 qui
642 3521 750 3570 sancte
766 3507 934 3588 vixerunt,
957 3509 1092 3576 veniunt
1109 3506 1146 3568 in

157 3623 327 3697 coelestem
361 3620 552 3705 regionem
589 3635 622 3683 et
644 3617 802 3710 imprimis
823 3622 866 3702 ii,
898 3623 1049 3743 quivere
1070 3635 1146 3691 suut

118 3730 122 3739 ⁵
159 3733 404 3832 philosophati,
438 3756 563 3824 semper
583 3702 1146 3826 ibihabitant,necd1nquamin

160 3871 300 3945 corpure
320 3847 466 3918 redeunt.
503 3849 674 3919 Caeterum
695 3847 774 3916 haec
796 3851 966 3918 beatorum
987 3851 1143 3922 habitatio
1252 3889 1255 3898 .

161 3987 210 4035 est
242 3965 378 4061 quidem
408 3965 443 4029 in
470 3959 540 4054 ipsi
570 3962 630 4030 hac
656 3968 764 4049 terrai,
795 3961 853 4032 sed
885 3966 919 4030 in
952 3966 1080 4036 sublimi
1107 3989 1145 4032 ac

198 4131 240 4201 (ι)
265 4131 330 4187 llnr.
354 4132 384 4184 X.
403 4133 463 4188 614.
481 4133 522 4184 B.‘
533 4152 599 4204 seqq.
617 4132 778 4188 Wrsrm.
796 4129 826 4183 de
843 4133 892 4189 An.
909 4134 1021 4184 Immort·
1042 4132 1091 4200 Op.
1108 4131 1145 4184 11.

160 4245 186 4296 r·
205 4226 268 4292 ⁵9⁴·

842 4318 888 4386 10
