2942 5117
443 489 458 537 ²
560 514 738 582 -77-
798 482 819 624 Ἰ

157 688 357 782 pronuntiat.
392 690 513 760 Verum
532 688 742 757 substantium
755 685 978 771 mentis-huius
992 686 1133 757 numeris

159 804 192 869 et
222 802 327 871 modis
361 802 481 873 confici
508 804 733 890 congeminatis
757 828 795 869 ao
816 799 1032 893 multiplioatis
1053 810 1131 887 eug·
1165 793 1170 805 '

50 957 53 962 -
158 918 274 986 mentis
286 918 557 1010 incrementisque
567 942 628 1010 per
638 942 671 987 se
682 937 715 988 et
727 920 921 987 extrinsecus
935 918 1031 1007 partit
1046 913 1133 1005 (t)·”

157 1210 161 1215 .
202 1144 270 1211 Hac
302 1143 383 1212 adeo
414 1144 535 1211 ratione
568 1144 681 1211 mundi
712 1148 833 1235 pariter
856 1168 976 1236 corpus
996 1128 1037 1211 ae
1059 1143 1133 1210 ani·

158 1282 246 1327 urum
277 1260 362 1324 Deus
393 1260 593 1349 composuit,
626 1282 694 1350 quo
708 1310 711 1319 .
724 1257 932 1325 animantium
951 1258 1034 1327 foret
1054 1256 1133 1349 pui-

157 1368 364 1437 chenonem.
411 1369 457 1434 Ut
478 1387 580 1436 autem
603 1370 672 1461 Deo
694 1366 827 1454 dignam
847 1373 1013 1438 sortiretur
1035 1372 1134 1443 vitam

157 1498 191 1549 et
211 1481 384 1574 exemplari
405 1482 451 1551 illi
474 1480 587 1559 mundi
607 1482 749 1575 perfecti
769 1482 902 1553 similior
924 1484 1020 1551 etiam
1034 1500 1134 1569 esset,

157 1612 339 1677 aeternam,
368 1594 603 1687 'sempiternam
636 1618 744 1664 rerum
775 1597 954 1665 universam
987 1583 1136 1662 natura'm

156 1735 223 1779 esse
244 1712 356 1799 jussit,
379 1728 539 1802 qnantum
561 1709 695 1805 quidem
716 1710 874 1777 animanti
889 1711 996 1795 genito
1004 1709 1134 1777 benefi-

157 1829 244 1895 tium
266 1824 332 1893 hoo
356 1822 493 1892 concedi
514 1842 635 1916 posset.
669 1824 878 1915 ItaqneDeus
893 1818 1017 1914 tempus
1032 1849 1132 1893 exeo·

154 1940 276 2029 gitavit,
289 1938 380 2031 quod
392 1940 475 2007 foret
485 1940 682 2030 sempiterna
691 1939 881 2015 aeternitatis
895 1940 1024 2025 effigies.
1047 1938 1136 2007 Coeli
1220 2032 1225 2041 Ι
1325 1994 1328 2002 .

154 2074 260 2123 autem
291 2069 323 2119 et
359 2050 524 2138 siderum,
556 2053 629 2121 solis
660 2052 820 2145 lunaeque
854 2072 959 2121 motus
984 2056 1136 2141 temporis

45 2180 48 2186 '
154 2168 376 2253 dimensiones
400 2168 609 2243 constituunt.
650 2168 784 2257 Quare,
816 2159 911 2234 simul
929 2192 968 2235 ao
991 2166 1137 2251 eoelestia

155 2272 221 2349 illa
254 2278 428 2372 divinaque
461 2299 598 2372 pereant
631 2305 790 2374 corpora,
836 2286 972 2374 tempori
1004 2307 1136 2376 quoque

46 2434 49 2441 .
155 2376 232 2463 finis
254 2396 304 2462 ait.
340 2393 425 2461 Haec
446 2412 552 2463 autem
574 2421 639 2464 non
662 2400 868 2481 interibunt;
889 2396 1137 2469 sniumundos
1172 2392 1176 2397 ’

155 2492 266 2580 reuera
286 2511 502 2601 sempiternus
524 2513 629 2583 existit
653 2515 715 2605 (2).
738 2558 739 2563 κ

200 2622 286 2691 Haeo
306 2642 411 2693 nutem
432 2621 474 2690 de
497 2649 604 2691 rerum
626 2642 703 2693 ortu
727 2614 905 2693 seeundum
927 2627 1135 2695 Puteum

154 2736 243 2806 dieta
264 2757 367 2806 sunto.
403 2737 475 2805 Jnm
497 2741 730 2808 sententiarum
740 2737 894 2805 suciamus
904 2762 1084 2825 summam,
1101 2756 1138 2805 ut

154 2851 289 2921 tandem
311 2853 415 2943 probe
438 2852 591 2937 sciamus,
617 2849 707 2945 quod
719 2833 952 2943 quaesivimus,
978 2852 1134 2944 quoqui7

153 2965 230 3036 dem
262 2992 359 3048 sensu
388 2970 576 3036 PnaTortls
609 2970 691 3037 Deus
719 2975 834 3048 reruin
856 2970 1002 3035 omnium
1025 2984 1137 3052 auctor

151 3080 288 3151 ditatur.
1102 3076 1105 3083 ¹
1135 3174 1138 3180 ,

199 3200 280 3266 Tria
309 3216 388 3267 sunt
411 3224 522 3267 rerum
543 3198 706 3290 principia
727 3181 829 3290 eaque
851 3213 997 3283 aeterna,
1028 3200 1134 3283 Deua,
1190 3212 1194 3216 ’

151 3308 268 3399 Idsae,
291 3314 427 3381 Materia
449 3314 510 3403 (5).
555 3314 724 3381 Mnemm
745 3337 824 3399 vrgo
845 3329 879 3379 et
901 3314 1024 3384 incerto
1044 3333 1135 3396 motu

111 3482 113 3489 ,
151 3426 363 3519 fluctuantem
395 3429 480 3497 Deus
514 3430 549 3493 in
573 3425 720 3495 ordinem
741 3425 887 3515 redegit,
922 3427 965 3495 ad
985 3427 1136 3495 Idearum

150 3530 333 3633 exemplum
365 3542 596 3625 conformavit,
629 3559 662 3609 et
685 3540 849 3611 Mundum
871 3568 911 3610 ex
933 3566 970 3609 ea
992 3566 1132 3633 compo·

149 3658 215 3723 snit
237 3655 420 3747 optimum,
455 3655 732 3747 pulcherrimum
766 3681 844 3725 num
865 3658 973 3725 honus
996 3656 1066 3745 ipse
1086 3655 1134 3723 nil
1178 3640 1185 3653 ⁰

95 3898 98 3903 ·
185 3886 230 3959 (t)
250 3890 333 3954 aaut.
350 3885 380 3941 te
397 3885 454 3943 ata
477 3884 556 3944 aon.
572 3884 596 3941 1.
614 3904 640 3957 p.
658 3885 684 3941 s
714 3881 845 3939 unm
858 3856 994 3968 nom
1006 3895 1032 3939 a
1044 3882 1138 3939 cata-

149 3998 239 4037 ommt
254 3982 346 4054 pastina
363 3998 378 4035 a
393 3980 448 4035 Deo
466 3979 630 4049 compositum
647 3978 758 4032 animum
775 3976 934 4046 profitentur.

174 4074 230 4146 ¹(a)
248 4075 316 4131 Tim.
333 4076 376 4146 57.
390 4078 423 4133 l).
441 4103 476 4117 -
492 4074 535 4133 58.
553 4072 583 4126 C.
594 4072 632 4125 'de
650 4071 696 4124 hae
716 4081 800 4124 autem
812 4070 956 4142 quaestione
969 4060 1056 4140 agendi
1067 4067 1156 4122 loen.
1245 4056 1251 4065 ’

152 4167 231 4237 Μὴ
248 4166 401 4237 opportunus
418 4166 468 4219 erit
484 4165 510 4219 in
528 4167 645 4222 Oeen*-
664 4170 730 4215 nota
747 4164 777 4220 1³.

85 4340 88 4345 Ι
183 4260 226 4332 (3)
244 4261 284 4316 De
300 4259 395 4315 dnobus
413 4258 566 4315 auonnullia
580 4256 695 4328 assumtis
706 4256 837 4328 principiis
847 4256 902 4310 ride
912 4256 939 4311 iu
954 4255 1013 4311 012.
1026 4260 1090 4307 nota
1103 4251 1137 4309 G.
